<record><leader>00000nas a22000007i 4500</leader><controlfield tag="001">919262488</controlfield><controlfield tag="008">150827d18581858vaudr ne      0    0eng c</controlfield><datafield ind1=" " ind2=" " tag="010"><subfield code="a">  2015228166</subfield></datafield><datafield ind1=" " ind2=" " tag="040"><subfield code="a">NDD</subfield><subfield code="b">eng</subfield><subfield code="e">rda</subfield><subfield code="c">NDD</subfield></datafield><datafield ind1=" " ind2=" " tag="042"><subfield code="a">msc</subfield></datafield><datafield ind1=" " ind2=" " tag="043"><subfield code="a">n-us-va</subfield></datafield><datafield ind1="0" ind2=" " tag="130"><subfield code="a">South-side Democrat (Petersburg, Va. : 1858 : Daily)</subfield></datafield><datafield ind1="1" ind2="0" tag="245"><subfield code="a">South-side Democrat.</subfield></datafield><datafield ind1=" " ind2="1" tag="264"><subfield code="a">Petersburg, Va. :</subfield><subfield code="b">Sam'l B. Paul</subfield></datafield><datafield ind1=" " ind2=" " tag="300"><subfield code="a">volumes ;</subfield><subfield code="b">57 cm</subfield></datafield><datafield ind1=" " ind2=" " tag="310"><subfield code="a">Daily</subfield></datafield><datafield ind1=" " ind2=" " tag="336"><subfield code="a">text</subfield><subfield code="b">txt</subfield><subfield code="2">rdacontent</subfield></datafield><datafield ind1=" " ind2=" " tag="337"><subfield code="a">unmediated</subfield><subfield code="b">n</subfield><subfield code="2">rdamedia</subfield></datafield><datafield ind1=" " ind2=" " tag="338"><subfield code="a">volume</subfield><subfield code="b">nc</subfield><subfield code="2">rdacarrier</subfield></datafield><datafield ind1="1" ind2=" " tag="362"><subfield code="a">Began in 1858; ceased in September 1858?</subfield></datafield><datafield ind1=" " ind2=" " tag="500"><subfield code="a">Editor: Samuel B. Paul.</subfield></datafield><datafield ind1=" " ind2=" " tag="515"><subfield code="a">Continues numbering of the Daily Democrat.</subfield></datafield><datafield ind1=" " ind2=" " tag="580"><subfield code="a">Also published a semiweekly ed. called: South-side Democrat (Petersburg, Va.).</subfield></datafield><datafield ind1=" " ind2=" " tag="588"><subfield code="a">Description based on: Vol. 8, no. 93 (May 6, 1858); title from masthead.</subfield></datafield><datafield ind1=" " ind2=" " tag="588"><subfield code="a">Latest issue consulted: Vol. 8, no. 214 (September 28, 1858).</subfield></datafield><datafield ind1=" " ind2="0" tag="651"><subfield code="a">Petersburg (Va.)</subfield><subfield code="v">Newspapers.</subfield></datafield><datafield ind1=" " ind2="7" tag="651"><subfield code="a">Virginia</subfield><subfield code="z">Petersburg.</subfield><subfield code="2">fast</subfield><subfield code="0">(OCoLC)fst01209840</subfield></datafield><datafield ind1=" " ind2="7" tag="655"><subfield code="a">Newspapers.</subfield><subfield code="2">fast</subfield><subfield code="0">(OCoLC)fst01423814</subfield></datafield><datafield ind1=" " ind2=" " tag="752"><subfield code="a">United States</subfield><subfield code="b">Virginia</subfield><subfield code="d">Petersburg.</subfield></datafield><datafield ind1="1" ind2=" " tag="775"><subfield code="t">South-side Democrat (Petersburg, Va.)</subfield><subfield code="w">(DLC)sn 86071746</subfield></datafield><datafield ind1="0" ind2="0" tag="780"><subfield code="t">Daily Democrat (Petersburg, Va.)</subfield><subfield code="w">(DLC)sn 99066730</subfield><subfield code="w">(OCoLC)41059116</subfield></datafield><datafield ind1="0" ind2="0" tag="785"><subfield code="t">Press (Petersburg, Va.)</subfield><subfield code="w">(DLC)sn 91066784</subfield></datafield></record>